@techreport {HF,
  title = {Warteschlangentheorie},
  author = {Andreas LÃ¶pker},
  year = {2013},
  type = {Vorlesungsfolien},
  url = {www.hsu-hh.de/download-1.5.1.php?brick_id=RILTdbjtr7okYk7t},
}